<?xml version="1.0" encoding="UTF-8"?><collection xmlns="http://www.loc.gov/MARC21/slim"><record><leader>00397nam--2200145-i-4500</leader><controlfield tag="001">000023473</controlfield><controlfield tag="002">20161230</controlfield><controlfield tag="005">20161230201035</controlfield><controlfield tag="008">060222s1000------------r-----000-0-eng-d</controlfield><datafield ind1=" " ind2=" " tag="080"><subfield code="a">550.4</subfield></datafield><datafield ind1=" " ind2=" " tag="100"><subfield code="a">Hoefs, Jochen</subfield></datafield><datafield ind1=" " ind2=" " tag="245"><subfield code="a">Stable isotope geochemistry</subfield></datafield><datafield ind1=" " ind2=" " tag="260"><subfield code="a">Berlin, Springer-verlag, 1973, Ix + 140p</subfield></datafield><datafield ind1=" " ind2=" " tag="490"><subfield code="a">Monograph Series Of Theoretical And Experimental Studies</subfield></datafield><datafield ind1=" " ind2=" " tag="852"><subfield code="a">42539</subfield></datafield></record></collection>